@article{khandani2010consumer,
  title={Consumer credit-risk models via machine-learning algorithms},
  author={Khandani, Amir E and Kim, Adlar J and Lo, Andrew W},
  journal={Journal of Banking \& Finance},
  volume={34},
  number={11},
  pages={2767--2787},
  year={2010},
  publisher={Elsevier}
}

@article{de2019machine,
  title={Machine learning models for credit analysis improvements: Predicting low-income families’ default},
  author={de Castro Vieira, Jos{\'e} R{\^o}mulo and Barboza, Flavio and Sobreiro, Vinicius Amorim and Kimura, Herbert},
  journal={Applied Soft Computing},
  volume={83},
  pages={105640},
  year={2019},
  publisher={Elsevier}
}

@article{bracke2019machine,
  title={Machine learning explainability in finance: an application to default risk analysis},
  author={Bracke, Philippe and Datta, Anupam and Jung, Carsten and Sen, Shayak},
  year={2019},
  publisher={Bank of England Working Paper}
}

@inproceedings{qiu2019credit,
  title={Credit risk scoring analysis based on machine learning models},
  author={Qiu, Ziyue and Li, Yuming and Ni, Pin and Li, Gangmin},
  booktitle={2019 6th International Conference on Information Science and Control Engineering (ICISCE)},
  pages={220--224},
  year={2019},
  organization={IEEE}
}

@article{dasril2023home,
  title={Home credit default risk assessment using embedded feature selection and stacking ensemble technique},
  author={Dasril, Yosza and Arisandy, Yosy and Salahudin, Shahrul Nizam},
  journal={Journal of Numerical Optimization and Technology Management},
  volume={1},
  number={2},
  pages={59--68},
  year={2023}
}

@article{liang2013predicting,
  title={Predicting borrowers’ chance of defaulting on credit loans},
  author={Liang, Junjie},
  journal={American Journal of Theoretical and Applied Statistics},
  volume={1345},
  number={2},
  pages={4556--4598},
  year={2013}
}

@article{kruppa2013consumer,
  title={Consumer credit risk: Individual probability estimates using machine learning},
  author={Kruppa, Jochen and Schwarz, Alexandra and Arminger, Gerhard and Ziegler, Andreas},
  journal={Expert systems with applications},
  volume={40},
  number={13},
  pages={5125--5131},
  year={2013},
  publisher={Elsevier}
}